@Book{mac84,
	author="{Apple Computer, Inc.}",
	title="Macintosh User Manual",
	year="1984",
	address="Cupertino, CA, EUA",
	url="http://www.maccaps.com/MacCaps/DIY_Information_files/Macintosh_Manual_1984.pdf"
}

@Article{item2,
author="John Doe",
title="Article",
year="2006",
journal="Journal of Generic Studies",
volume="6",
pages="33-34"
}

@InCollection{item3,
author="John Doe and Jenny Roe",
title="Why Water Is Wet",
booktitle="Third Book",
editor="Sam Smith",
publisher="Oxford University Press",
address="Oxford",
year="2007"
}